@misc{mirna_intro,
	title = {iBiology: Introduction to miRNAs},
	author = {David Barthel},
	howpublished = {\url{https://www.ibiology.org/genetics-and-gene-regulation/introduction-to-micrornas/}},
	note = {Accessed: 2019-06-11}
}

@incollection{mirna_overview,
	title={An overview of microRNA methods: expression profiling and target identification},
	author={Smith, Sin{\'e}ad M and Murray, David W},
	booktitle={Molecular Profiling},
	pages={119--138},
	year={2012},
	publisher={Springer}
}

@article{mirtarbase,
	title={miRTarBase: a database curates experimentally validated microRNA--target interactions},
	author={Hsu, Sheng-Da and Lin, Feng-Mao and Wu, Wei-Yun and Liang, Chao and Huang, Wei-Chih and Chan, Wen-Ling and Tsai, Wen-Ting and Chen, Goun-Zhou and Lee, Chia-Jung and Chiu, Chih-Min and others},
	journal={Nucleic acids research},
	volume={39},
	number={suppl\_1},
	pages={D163--D169},
	year={2010},
	publisher={Oxford University Press}
}

@article{dianatarbase,
	title={DIANA-TarBase v7. 0: indexing more than half a million experimentally supported miRNA: mRNA interactions},
	author={Vlachos, Ioannis S and Paraskevopoulou, Maria D and Karagkouni, Dimitra and Georgakilas, Georgios and Vergoulis, Thanasis and Kanellos, Ilias and Anastasopoulos, Ioannis-Laertis and Maniou, Sofia and Karathanou, Konstantina and Kalfakakou, Despina and others},
	journal={Nucleic acids research},
	volume={43},
	number={D1},
	pages={D153--D159},
	year={2014},
	publisher={Oxford University Press}
}

@article{vienna_rna,
	title={Vienna RNA secondary structure server},
	author={Hofacker, Ivo L},
	journal={Nucleic acids research},
	volume={31},
	number={13},
	pages={3429--3431},
	year={2003},
	publisher={Oxford University Press}
}

@article{mirclassify,
	title={miRClassify: an advanced web server for miRNA family classification and annotation},
	author={Zou, Quan and Mao, Yaozong and Hu, Lingling and Wu, Yunfeng and Ji, Zhiliang},
	journal={Computers in biology and medicine},
	volume={45},
	pages={157--160},
	year={2014},
	publisher={Elsevier}
}

@article{helwak,
	title={Mapping the human miRNA interactome by CLASH reveals frequent noncanonical binding},
	author={Helwak, Aleksandra and Kudla, Grzegorz and Dudnakova, Tatiana and Tollervey, David},
	journal={Cell},
	volume={153},
	number={3},
	pages={654--665},
	year={2013},
	publisher={Elsevier}
}

@article{starmirdb,
	title={STarMirDB: a database of microRNA binding sites},
	author={Rennie, William and Kanoria, Shaveta and Liu, Chaochun and Mallick, Bibekanand and Long, Dang and Wolenc, Adam and Carmack, C Steven and Lu, Jun and Ding, Ye},
	journal={RNA biology},
	volume={13},
	number={6},
	pages={554--560},
	year={2016},
	publisher={Taylor \& Francis}
}

@article{accessibility_nrg_role,
	title={The role of site accessibility in microRNA target recognition},
	author={Kertesz, Michael and Iovino, Nicola and Unnerstall, Ulrich and Gaul, Ulrike and Segal, Eran},
	journal={Nature genetics},
	volume={39},
	number={10},
	pages={1278},
	year={2007},
	publisher={Nature Publishing Group}
}

@article{efficient_use_accessibility,
	title={Efficient use of accessibility in microRNA target prediction},
	author={Mar{\'\i}n, Ray M and Van{\'\i}{\v{c}}ek, Ji{\v{r}}{\'\i}},
	journal={Nucleic acids research},
	volume={39},
	number={1},
	pages={19--29},
	year={2010},
	publisher={Oxford University Press}
}

@article{experiment_validation,
	title={Predicting and validating microRNA targets},
	author={Lai, Eric C},
	journal={Genome biology},
	volume={5},
	number={9},
	pages={115},
	year={2004},
	publisher={BioMed Central}
}

@article{grosswendt,
	title={Unambiguous identification of miRNA: target site interactions by different types of ligation reactions},
	author={Grosswendt, Stefanie and Filipchyk, Andrei and Manzano, Mark and Klironomos},
	journal={Molecular cell},
	volume={54},
	number={6},
	pages={1042--1054},
	year={2014},
	publisher={Elsevier}
}

@article{common_features,
	title={Common features of microRNA target prediction tools},
	author={Peterson, Sarah M and Thompson, Jeffrey A and Ufkin, Melanie L and Sathyanarayana, Pradeep and Liaw, Lucy and Congdon, Clare Bates},
	journal={Frontiers in genetics},
	volume={5},
	pages={23},
	year={2014},
	publisher={Frontiers}
}

@inproceedings{distributed_representation,
	title={Distributed representations of sentences and documents},
	author={Le, Quoc and Mikolov, Tomas},
	booktitle={International conference on machine learning},
	pages={1188--1196},
	year={2014}
}

@article{dna_distributed_repr,
	title={Distributed representations for biological sequence analysis},
	author={Kimothi, Dhananjay and Soni, Akshay and Biyani, Pravesh and Hogan, James M},
	journal={arXiv preprint arXiv:1608.05949},
	year={2016}
}

@article{continuous_representation,
	title={Continuous distributed representation of biological sequences for deep proteomics and genomics},
	author={Asgari, Ehsaneddin and Mofrad, Mohammad RK},
	journal={PloS one},
	volume={10},
	number={11},
	pages={e0141287},
	year={2015},
	publisher={Public Library of Science}
}

@inproceedings{nn_visualization,
	title={Opening the black box-data driven visualization of neural networks},
	author={Tzeng, F-Y and Ma, K-L},
	booktitle={VIS 05. IEEE Visualization, 2005.},
	pages={383--390},
	year={2005},
	organization={IEEE}
}

@article{nlp_visualizing,
	title={Visualizing and understanding neural models in nlp},
	author={Li, Jiwei and Chen, Xinlei and Hovy, Eduard and Jurafsky, Dan},
	journal={arXiv preprint arXiv:1506.01066},
	year={2015}
}

@inproceedings{gradcam,
	title={Grad-cam: Visual explanations from deep networks via gradient-based localization},
	author={Selvaraju, Ramprasaath R and Cogswell, Michael and Das, Abhishek and Vedantam, Ramakrishna and Parikh, Devi and Batra, Dhruv},
	booktitle={Proceedings of the IEEE International Conference on Computer Vision},
	pages={618--626},
	year={2017}
}

@article{cleavage,
	title={Microarray analysis shows that some microRNAs downregulate large numbers of target mRNAs},
	author={Lim, Lee P and Lau, Nelson C and Garrett-Engele, Philip and Grimson, Andrew and Schelter, Janell M and Castle, John and Bartel, David P and Linsley, Peter S and Johnson, Jason M},
	journal={Nature},
	volume={433},
	number={7027},
	pages={769},
	year={2005},
	publisher={Nature Publishing Group}
}

@article{conserved_pairing,
	title={Conserved seed pairing, often flanked by adenosines, indicates that thousands of human genes are microRNA targets},
	author={Lewis, Benjamin P and Burge, Christopher B and Bartel, David P},
	journal={cell},
	volume={120},
	number={1},
	pages={15--20},
	year={2005},
	publisher={Elsevier}
}

@article{mirna_annotation,
	title={A uniform system for the annotation of vertebrate microRNA genes and the evolution of the human microRNAome},
	author={Fromm, Bastian and Billipp, Tyler and Peck, Liam E and Johansen, Morten and Tarver, James E and King, Benjamin L and Newcomb, James M and Sempere, Lorenzo F and Flatmark, Kjersti and Hovig, Eivind and others},
	journal={Annual review of genetics},
	volume={49},
	pages={213--242},
	year={2015},
	publisher={Annual Reviews}
}

@article{mirna_diseases,
	title={An analysis of human microRNA and disease associations},
	author={Lu, Ming and Zhang, Qipeng and Deng, Min and Miao, Jing and Guo, Yanhong and Gao, Wei and Cui, Qinghua},
	journal={PloS one},
	volume={3},
	number={10},
	pages={e3420},
	year={2008},
	publisher={Public Library of Science}
}

@article{computational_methods,
	title={Computational methods for microRNA target prediction},
	author={Watanabe, Yuka and Tomita, Masaru and Kanai, Akio},
	journal={Methods in enzymology},
	volume={427},
	pages={65--86},
	year={2007},
	publisher={Elsevier}
}

@article{perfect_matching,
	title={MicroRNAs and their targets: recognition, regulation and an emerging reciprocal relationship},
	author={Pasquinelli, Amy E},
	journal={Nature Reviews Genetics},
	volume={13},
	number={4},
	pages={271},
	year={2012},
	publisher={Nature Publishing Group}
}

@article{multiple_binds,
	title={Predicting effective microRNA target sites in mammalian mRNAs},
	author={Agarwal, Vikram and Bell, George W and Nam, Jin-Wu and Bartel, David P},
	journal={elife},
	volume={4},
	pages={e05005},
	year={2015},
	publisher={eLife Sciences Publications Limited}
}

@article{first_predictions,
	title={Prediction of microRNA targets},
	author={Maziere, Pierre and Enright, Anton J},
	journal={Drug discovery today},
	volume={12},
	number={11-12},
	pages={452--458},
	year={2007},
	publisher={Elsevier}
}

@article{functional_sites,
	title={Functional microRNA targets in protein coding sequences},
	author={Reczko, Martin and Maragkakis, Manolis and Alexiou, Panagiotis and Grosse, Ivo and Hatzigeorgiou, Artemis G},
	journal={Bioinformatics},
	volume={28},
	number={6},
	pages={771--776},
	year={2012},
	publisher={Oxford University Press}
}

@article{mirna_targets,
	title={Target mRNAs are repressed as efficiently by microRNA-binding sites in the 5'UTR as in the 3'UTR},
	author={Lytle, J Robin and Yario, Therese A and Steitz, Joan A},
	journal={Proceedings of the National Academy of Sciences},
	volume={104},
	number={23},
	pages={9667--9672},
	year={2007},
	publisher={National Acad Sciences}
}

@article{canonical_target,
	title={microPrimer: the biogenesis and function of microRNA},
	author={Du, Tingting and Zamore, Phillip D},
	journal={Development},
	volume={132},
	number={21},
	pages={4645--4652},
	year={2005},
	publisher={The Company of Biologists Ltd}
}

@article{structural_basis,
	title={Structural basis for microRNA targeting},
	author={Schirle, Nicole T and Sheu-Gruttadauria, Jessica and MacRae, Ian J},
	journal={Science},
	volume={346},
	number={6209},
	pages={608--613},
	year={2014},
	publisher={American Association for the Advancement of Science}
}

@article{free_energy_survey,
	title={Survey of computational algorithms for microRNA target prediction},
	author={Yue, Dong and Liu, Hui and Huang, Yufei},
	journal={Current genomics},
	volume={10},
	number={7},
	pages={478--492},
	year={2009},
	publisher={Bentham Science Publishers}
}

@article{targeting_rules,
	title={General rules for functional microRNA targeting},
	author={Kim, Doyeon and Sung, You Me and Park, Jinman and Kim, Sukjun and Kim, Jongkyu and Park, Junhee and Ha, Haeok and Bae, Jung Yoon and Kim, SoHui and Baek, Daehyun},
	journal={Nature genetics},
	volume={48},
	number={12},
	pages={1517},
	year={2016},
	publisher={Nature Publishing Group}
}

@article{dl,
	title={Deep learning},
	author={LeCun, Yann and Bengio, Yoshua and Hinton, Geoffrey},
	journal={nature},
	volume={521},
	number={7553},
	pages={436},
	year={2015},
	publisher={Nature Publishing Group}
}

@article{mirtdl,
	title={MiRTDL: a deep learning approach for miRNA target prediction},
	author={Cheng, Shuang and Guo, Maozu and Wang, Chunyu and Liu, Xiaoyan and Liu, Yang and Wu, Xuejian},
	journal={IEEE/ACM transactions on computational biology and bioinformatics},
	volume={13},
	number={6},
	pages={1161--1169},
	year={2015},
	publisher={IEEE}
}

@inproceedings{deep_target,
	title={deepTarget: end-to-end learning framework for microRNA target prediction using deep recurrent neural networks},
	author={Lee, Byunghan and Baek, Junghwan and Park, Seunghyun and Yoon, Sungroh},
	booktitle={Proceedings of the 7th ACM International Conference on Bioinformatics, Computational Biology, and Health Informatics},
	pages={434--442},
	year={2016},
	organization={ACM}
}

@article{deep_mirtar,
	title={DeepMirTar: a deep-learning approach for predicting human miRNA targets},
	author={Wen, Ming and Cong, Peisheng and Zhang, Zhimin and Lu, Hongmei and Li, Tonghua},
	journal={Bioinformatics},
	volume={34},
	number={22},
	pages={3781--3787},
	year={2018},
	publisher={Oxford University Press}
}

@article{word2vec,
	title={word2vec Explained: deriving Mikolov et al.'s negative-sampling word-embedding method},
	author={Goldberg, Yoav and Levy, Omer},
	journal={arXiv preprint arXiv:1402.3722},
	year={2014}
}

@misc{onehotencode,
	title = {OneHot Encoding in Python},
	howpublished = {\url{https://scikit-learn.org/stable/modules/generated/sklearn.preprocessing.OneHotEncoder.html}},
	note = {Accessed: 2019-06-15}
}

@article{imbalanced_datasets,
	title={Handling imbalanced datasets: A review},
	author={Kotsiantis, Sotiris and Kanellopoulos, Dimitris and Pintelas, Panayiotis and others},
	journal={GESTS International Transactions on Computer Science and Engineering},
	volume={30},
	number={1},
	pages={25--36},
	year={2006}
}

@article{ensembl,
	title={Ensembl 2016},
	author={Yates, Andrew and Akanni, Wasiu and Amode, M Ridwan and Barrell and others},
	journal={Nucleic acids research},
	volume={44},
	number={D1},
	pages={D710--D716},
	year={2015},
	publisher={Oxford University Press}
}

@article{miraw,
	title={miRAW: A deep learning-based approach to predict microRNA targets by analyzing whole microRNA transcripts},
	author={Pla, Albert and Zhong, Xiangfu and Rayner, Simon},
	journal={PLoS computational biology},
	volume={14},
	number={7},
	pages={e1006185},
	year={2018},
	publisher={Public Library of Science}
}

@article{parclip,
	title={Transcriptome-wide identification of RNA-binding protein and microRNA target sites by PAR-CLIP},
	author={Hafner, Markus and Landthaler, Markus and Burger, Lukas and Khorshid, Mohsen and Hausser, Jean and Berninger, Philipp and Rothballer, Andrea and Ascano Jr, Manuel and Jungkamp, Anna-Carina and Munschauer, Mathias and others},
	journal={Cell},
	volume={141},
	number={1},
	pages={129--141},
	year={2010},
	publisher={Elsevier}
}

@article{clash,
	title={Cross-linking, ligation, and sequencing of hybrids reveals RNA--RNA interactions in yeast},
	author={Kudla, Grzegorz and Granneman, Sander and Hahn, Daniela and Beggs, Jean D and Tollervey, David},
	journal={Proceedings of the National Academy of Sciences},
	volume={108},
	number={24},
	pages={10010--10015},
	year={2011},
	publisher={National Acad Sciences}
}

@article{mirmark,
	title={mirMark: a site-level and UTR-level classifier for miRNA target prediction},
	author={Menor, Mark and Ching, Travers and Zhu, Xun and Garmire, David and Garmire, Lana X},
	journal={Genome biology},
	volume={15},
	number={10},
	pages={500},
	year={2014},
	publisher={BioMed Central}
}

@misc{keras,
	title={Keras},
	author={Chollet, Fran\c{c}ois and others},
	year={2015},
	howpublished={\url{https://keras.io}},
}

@misc{tensorflow,
	title={{TensorFlow}: Large-Scale Machine Learning on Heterogeneous Systems},
	url={http://tensorflow.org/},
	note={Software available from tensorflow.org},
	author={Martin et al.},
	year=2015
}

@article{dropout,
	title={Dropout: a simple way to prevent neural networks from overfitting},
	author={Srivastava, Nitish and Hinton, Geoffrey and Krizhevsky, Ruslan},
	journal={The Journal of Machine Learning Research},
	volume={15},
	number={1},
	pages={1929--1958},
	year={2014},
	publisher={JMLR. org}
}

@article{cython,
	author={Behnel, S. and Bradshaw, R. and Citro, C. and Dalcin, L. and Seljebotn, D.S. and Smith, K.},
	journal={Computing in Science Engineering},
	title={Cython: The Best of Both Worlds},
	year={2011},
	month=march-april ,
	volume={13},
	number={2},
	pages={31 -39},
	keywords={Cython language;Fortran code;Python language extension;numerical loops;programming language;C language;numerical analysis;},
	doi={10.1109/MCSE.2010.118},
	ISSN={1521-9615},
}

@article{targetscan,
	title={Predicting effective microRNA target sites in mammalian mRNAs},
	author={Agarwal, Vikram and Bell, George W and Nam, Jin-Wu and Bartel, David P},
	journal={elife},
	volume={4},
	pages={e05005},
	year={2015},
	publisher={eLife Sciences Publications Limited}
}

@article{mirdb,
	title={Prediction of functional microRNA targets by integrative modeling of microRNA binding and target expression data},
	author={Liu, Weijun and Wang, Xiaowei},
	journal={Genome biology},
	volume={20},
	number={1},
	pages={18},
	year={2019},
	publisher={BioMed Central}
}

@misc{imbalanced,
	title={Dealing with Imbalanced Data},
	url={https://towardsdatascience.com/methods-for-dealing-with-imbalanced-data-5b761be45a18},
	author={Tara Boyle},
	year=2019,
	note = {Accessed: 2019-06-25}
}
